%
%  An example of a bibliographical database in BibTeX format,
%  which is used by biblatex to create the list of referenced works.
%
%  Academic search engines and software for maintenance of bibliography
%  often supports exporting records in BibTeX format. We recommend:
%
%    - Google Scholar (https://scholar.google.com/)
%    - JabRef (https://www.jabref.org/)
%    - zoterobib (https://zbib.org/)
%
%  BEWARE:
%
%    *  If a name contains a capital letter, which must be kept such,
%       use curly brackets ({T}hailand, {HIV}).
%
%  ===========================================================================

@misc{csharp_structs,
    title={C\# language reference -- Structure types},
    howpublished = {\url{https://learn.microsoft.com/en-us/dotnet/csharp/language-reference/builtin-types/struct}},
    note = {[Online, accessed 01-15-2025]} 
}

@misc{net_type_system,
    title={.NET documentation -- Common type system},
    howpublished = {\url{https://learn.microsoft.com/en-us/dotnet/standard/base-types/common-type-system}},
    note = {[Online, accessed 01-15-2025]} 
}

@misc{csharp_delegates,
    title={C\# language reference -- Delegates},
    howpublished = {\url{https://learn.microsoft.com/en-us/dotnet/csharp/programming-guide/delegates/}},
    note = {[Online, accessed 01-17-2025]} 
}

@misc{csharp_properties,
    title={C\# language reference -- Properties},
    howpublished = {\url{https://learn.microsoft.com/en-us/dotnet/csharp/programming-guide/classes-and-structs/using-properties}},
    note = {[Online, accessed 01-17-2025]} 
}

@misc{csharp_events,
    title={C\# language reference -- Events},
    howpublished = {\url{https://learn.microsoft.com/en-us/dotnet/csharp/programming-guide/events/}},
    note = {[Online, accessed 01-17-2025]} 
}

@misc{dotnet_events,
    title={.NET documentation -- Events},
    howpublished = {\url{https://learn.microsoft.com/en-us/dotnet/standard/events/}},
    note = {[Online, accessed 01-17-2025]} 
}

@misc{dotnet_execution_model,
    title={.NET documentation -- Managed execution process},
    howpublished = {\url{https://learn.microsoft.com/en-us/dotnet/standard/managed-execution-process}},
    note = {[Online, accessed 01-18-2025]} 
}

@misc{msbuild_docs,
    title={.NET documentation -- MSBuild reference for .NET projects},
    howpublished = {\url{https://learn.microsoft.com/en-us/dotnet/core/project-sdk/msbuild-props}},
    note = {[Online, accessed 02-09-2025]} 
}

@misc{csharp_xml_docs,
    title={C\# language reference -- Documentation comments},
    howpublished = {\url{https://learn.microsoft.com/en-us/dotnet/csharp/language-reference/xmldoc/}},
    note = {[Online, accessed 01-20-2025]} 
}

@misc{fsharp_xml_docs,
    title={F\# documentation -- XML comments},
    howpublished = {\url{https://learn.microsoft.com/en-us/dotnet/fsharp/language-reference/xml-documentation}},
    note = {[Online, accessed 01-20-2025]} 
}

@misc{vb_xml_docs,
    title={Visual Basic documentation -- XML documentation comments},
    howpublished = {\url{https://learn.microsoft.com/en-us/dotnet/visual-basic/programming-guide/program-structure/documenting-your-code-with-xml}},
    note = {[Online, accessed 01-20-2025]} 
}

@misc{dotnet_reflection,
    title={.NET documentation -- Reflection},
    howpublished = {\url{https://learn.microsoft.com/en-us/dotnet/fundamentals/reflection/reflection}},
    note = {[Online, accessed 01-15-2025]} 
}

@misc{ssg_intro,
    title={We Learn Code -- Breaking Down the Acronyms: SSR vs. SSG},
    howpublished = {\url{https://welearncode.com/ssr-vs-ssg/}},
    note = {[Online, accessed 01-15-2025]} 
}

@misc{doxygen_docs,
    title={Doxygen documentation},
    howpublished = {\url{https://www.doxygen.nl/manual/}},
    note = {[Online, accessed 01-25-2025]} 
}